
@book{razavi2016design,
  title={Design of Analog CMOS Integrated Circuits},
  author={Razavi, B.},
  isbn={9780077496128},
  url={https://books.google.it/books?id=hFzmCwAAQBAJ},
  year={2016}
}

@book{razavi1998rf,
  title={RF Microelectronics},
  author={Razavi, B.},
  isbn={9780138875718},
  lccn={97034526},
  series={Prentice Hall communications engineering and emerging technologies series},
  url={https://books.google.it/books?id=TQZTAAAAMAAJ},
  year={1998},
  publisher={Prentice Hall}
}

@unknown{Ruhumbika,
	author = {G Ruhumbika, Arnold and Abdulla, Raed},
	year = {2014},
	month = {03},
	pages = {},
	title = {Analytical Method for Gain Analysis of a Double Balanced Gilbert Cell Mixer}
}

@INPROCEEDINGS{7935794,
	author={M. O. Bekkaoui},
	booktitle={2017 4th International Conference on Electrical and Electronic Engineering (ICEEE)},
	title={Gilbert cell Mixer design in 65nm CMOS technology},
	year={2017},
	volume={},
	number={},
	pages={67-72},
	month={04}
}

