

@INPROCEEDINGS{7497153,
	author={G. O. B. Wolf and F. H. Gregorio and J. E. Cousseau},
	booktitle={2015 XVI Workshop on Information Processing and Control (RPIC)},
	title={Low noise design of a CMOS Gilbert mixer cell in 700 MHz},
	year={2015},
	volume={},
	number={},
	pages={1-5},
	keywords={CMOS integrated circuits;UHF integrated circuits;UHF mixers;integrated circuit design;intermodulation distortion;low noise amplifiers;CMOS Gilbert mixer cell;IP3;LNA;LTE band 28;current 30 mA;frequency 700 MHz;fully-differential chain;low noise design;low third-order intermodulation distortion;low-noise amplifier;noise figure 8.2 dB;power supply;size 0.18 mum;voltage 3.3 V;CMOS integrated circuits;Computer architecture;Gain;Microprocessors;Mixers;Radio frequency;Transistors;CMOS;Gilbert mixer;LTE;low noise;zero IF receiver},
	doi={10.1109/RPIC.2015.7497153},
	ISSN={},
	month={Oct}}

@unknown{Pedapalli,
	author = {Pedapalli, Gurukartheek},
	year = {2014},
	month = {08},
	pages = {},
	title = {Design and Characterization of CMOS Gilbert Mixer at 130 nm Technology for Impedance Measurement System of Human Cell in Institute for Nanoelectronics}
}

@unknown{LongSteve,
	author = {Long, Steve},
	year = {2001},
	howpublished  = {http://cp.literature.agilent. com/litweb/pdf/5989-9103EN.pdf},
	title = {Presentation on RFIC MaS Gilbert Cell Mixer Design}
}

Long, Steve. "Presentation on RFIC MaS Gilbert Cell Mixer Design".200 1
http://cp.literature.agilent. com/litweb/pdf/5989-9103EN.pdf.